%! Author = micha
%! Date = 17.03.2021


@book{ two,
    author = {Franziskaner},
    title = {meine geschichte},
    date = {19.14.1995},
    publisher = {Franz}
}

@misc{Doe:2009:Online,
    author = {author},
    title = {Title of Citation},
    year = {2010 (accessed December 7, 2014)},
    howpublished = "\url{http://www.myurl.com}"}

@book{tollesbuch,
    author = {Franz},
    title = {Franz Abenteuer},
    date = {19.91.1999},
}

